
@inproceedings{talk-1,
	title={Just tired of endless loops! or parallel: Stata module for parallel computing},
	author={{\bf Vega Yon}, {\bf George}},
	year={2013},
	month={7},
	eventtitle={presented at {Stata Conference, 2013}},
	note={(talk, \href{https://github.com/gvegayon/talks/raw/master/20130718-parallel-stataconf/vega.pdf}{slides})} 
}

@inproceedings{talk-2,
	title={Understanding Diffusion with netdiffuseR},
	author={{\bf Vega Yon}, {\bf George}},
	year={2016},
	month={3},
	eventtitle={presented at {Sunbelt Conference, 2016}},
	note={(workshop, \href{https://github.com/USCCANA/netdiffuser-sunbelt2016}{slides}/\href{https://www.youtube.com/playlist?list=PLT-GgRN1lFI4coHDqkRJm3flDw9e1gg2P}{video})} 
}

@inproceedings{talk-3,
	title={Network Diffusion of Innovations in R: Introducing netdiffuseR},
	author={{\bf Vega Yon}, {\bf George}},
	year={2016},
	month={6},
	eventtitle={presented at {IC2S2, 2016}},
	note={(poster, \href{https://github.com/USCCANA/netdiffuser-ic2s22016/raw/master/netdiffuseR_ic2s22016.pdf}{slides})} 
}

@inproceedings{talk-4,
	title={Network Diffusion of Innovations in R: Introducing netdiffuseR},
	author={{\bf Vega Yon}, {\bf George}},
	year={2016},
	month={6},
	eventtitle={presented at {useR! 2016}},
	note={(talk, \href{https://github.com/gvegayon/netdiffuser-user2016/raw/master/netdiffuseR_useR2016.pdf}{slides}/\href{https://channel9.msdn.com/Events/useR-international-R-User-conference/useR2016/Network-Diffusion-of-Innovations-in-R-Introducing-netdiffuseR}{video})} 
}

@inproceedings{talk-5,
	title={Reproducible Research},
	author={{\bf Vega Yon}, {\bf George}},
	year={2016},
	month={9},
	eventtitle={presented at {HBR Students talk}},
	note={(talk, \href{https://gvegayon.github.io/reproducible_research/}{slides})} 
}

@inproceedings{talk-6,
	title={Uncomplicated Parallel Computing with Stata},
	author={{\bf Vega Yon}, {\bf George}},
	year={2017},
	month={7},
	eventtitle={presented at {Stata Conference 2017}},
	note={(talk, \href{https://github.com/gvegayon/parallel/raw/master/talks/20170727_stata_conference/20170727_stata_conference.pdf}{slides})} 
}

@inproceedings{talk-7,
	title={Understanding Diffusion with netdiffuseR},
	author={{\bf Vega Yon}, {\bf George}},
	year={2017},
	month={7},
	eventtitle={presented at {NASN 2017}},
	note={(workshop, \href{https://usccana.github.io/netdiffuser-nasn2017/}{slides})} 
}

@inproceedings{talk-8,
	title={Introduction to R (for HPC users)},
	author={{\bf Vega Yon}, {\bf George}},
	year={2018},
	month={7},
	eventtitle={presented at {USC's HPCC workshop}},
	note={(workshop, \href{https://uscbiostats.github.io/hpc-with-r/}{slides})} 
}

@inproceedings{talk-9,
	title={Intro to R},
	author={{\bf Vega Yon}, {\bf George}},
	year={2018},
	month={7},
	eventtitle={presented at {USC's HPCC workshop}},
	note={(workshop, \href{https://gvegayon.github.io/intro2r}{slides})} 
}

@inproceedings{talk-10,
	title={R Bootcamp for Scientific Computing 2018},
	author={{\bf Vega Yon}, {\bf George}},
	year={2018},
	month={8},
	eventtitle={presented at {R Bootcamp for Scientific Computing}},
	note={(workshop, \href{https://cdn.rawgit.com/USCbiostats/rbootcamp/master/day2/presentation.html}{slides})} 
}

@inproceedings{talk-11,
	title={Overview of Social Network Models},
	author={{\bf Vega Yon}, {\bf George}},
	year={2018},
	month={12},
	eventtitle={presented at {NA}},
	note={(talk, \href{https://gvegayon.github.io/cais-sep2018}{slides})} 
}

@inproceedings{talk-12,
	title={A brief introduction to using R for high-performance computing},
	author={{\bf Vega Yon}, {\bf George}},
	year={2018},
	month={11},
	eventtitle={presented at {East LA R User Group}},
	note={(talk, \href{https://gvegayon.github.io/laerug-hpc-w-r-nov2018/}{slides})} 
}

@inproceedings{talk-13,
	title={Big Problems for Small Networks: Small Network Statistics},
	author={{\bf Vega Yon}, {\bf George}},
	year={2018},
	month={11},
	eventtitle={presented at {NASN 2018, DC}},
	note={(talk, \href{https://github.com/muriteams/nasn2018/blob/nasn2018/index.pdf}{slides})} 
}

@inproceedings{talk-14,
	title={Estadística de Redes y Econometria Espacial (con R)},
	author={{\bf Vega Yon}, {\bf George}},
	year={2018},
	month={12},
	eventtitle={presented at {IMFD Summer School}},
	note={(talk, \href{https://github.com/gvegayon/redes-estadisticas2018}{slides}/\href{https://www.facebook.com/Fundamentosdelosdatos/videos/281299225908470/}{video})} 
}

@inproceedings{talk-15,
	title={Small network statistics for the network science of teams},
	author={{\bf Vega Yon}, {\bf George}},
	year={2019},
	month={1},
	eventtitle={presented at {NetSciX 2019, SCL}},
	note={(talk, \href{https://github.com/muriteams/nasn2018/blob/netscix2019/index.pdf}{slides})} 
}

@inproceedings{talk-16,
	title={Computacion de Alto Rendimiento con R},
	author={{\bf Vega Yon}, {\bf George}},
	year={2018},
	month={12},
	eventtitle={presented at {satRday Santiago 2018}},
	note={(workshop, \href{https://github.com/gvegayon/satRdaySCL2018}{slides})} 
}

@inproceedings{talk-17,
	title={Big Problems for Small Networks: Statistical Analysis of Small Networks and Team Performance},
	author={{\bf Vega Yon}, {\bf George}},
	year={2019},
	month={3},
	eventtitle={presented at {Invited speaker at SONIC}},
	note={(talk, \href{https://github.com/muriteams/nasn2018/blob/netscix2019/index.pdf}{slides}/\href{https://youtu.be/0eTqv5cxTwU}{video})} 
}

@inproceedings{talk-18,
	title={What drives social networks? A gentle introduction to exponential random graph models (with a focus on small networks)},
	author={{\bf Vega Yon}, {\bf George}},
	year={2019},
	month={6},
	eventtitle={presented at {East LA R User Group}},
	note={(talk, \href{https://github.com/gvegayon/laerug-ergms-june2019/blob/master/slides.pdf}{slides})} 
}

@inproceedings{talk-19,
	title={Exact Statistics and Semi-Parametric Tests for Small Network Data},
	author={{\bf Vega Yon}, {\bf George}},
	year={2019},
	month={6},
	eventtitle={presented at {Sunbelt 2019}},
	note={(talk, \href{https://github.com/gvegayon/sunbelt2019/blob/master/index-handout.pdf}{slides})} 
}

@inproceedings{talk-20,
	title={Exact Statistics and Semi-Parametric Tests for Small Network Data},
	author={{\bf Vega Yon}, {\bf George}},
	year={2019},
	month={7},
	eventtitle={presented at {IC2S2, 2019}},
	note={(talk, \href{https://github.com/gvegayon/ic2s22019/raw/master/index.pdf}{slides})} 
}

@inproceedings{talk-21,
	title={A Brief Introduction to Using R for High-Performance Computing},
	author={{\bf Vega Yon}, {\bf George}},
	year={2019},
	month={8},
	eventtitle={presented at {Orange County R Users Group}},
	note={(talk, \href{https://gvegayon.github.io/ocrug-hpc-august2019}{slides}/\href{https://youtu.be/gLmEBINxbFE}{video})} 
}

@inproceedings{talk-22,
	title={Happy Scientist Seminar: Research Pipelines},
	author={{\bf Vega Yon}, {\bf George}},
	year={2019},
	month={10},
	eventtitle={presented at {Happy Scientist Seminar}},
	note={(talk, \href{https://gvegayon.github.io/research-pipelines}{slides})} 
}

@inproceedings{talk-23,
	title={Essays on Bioinformatics and Social Network Analysis Statistical and Computational Methods for Complex Systems},
	author={{\bf Vega Yon}, {\bf George}},
	year={2020},
	month={1},
	eventtitle={presented at {Biostats Seminars}},
	note={(talk, \href{https://github.com/gvegayon/biostat-seminar-jan2020/raw/master/slides.pdf}{slides}/\href{https://youtu.be/hWyjRm1U_tc}{video})} 
}

@inproceedings{talk-24,
	title={slurmR workshop},
	author={{\bf Vega Yon}, {\bf George}},
	year={2020},
	month={1},
	eventtitle={presented at {Happy Scientist Semminar Series}},
	note={(workshop, \href{https://uscbiostats.github.io/slurmr-workshop}{slides})} 
}

@inproceedings{talk-25,
	title={"Predicción de funciones genéticas utilizando evidencia experimental y árboles filogenéticos: Un modelo evolutivo" o "Ciencia de datos en la práctica"},
	author={{\bf Vega Yon}, {\bf George}},
	year={2020},
	month={4},
	eventtitle={presented at {Seminario de Ingeniería Matemática y Computacional}},
	note={(talk, \href{https://github.com/gvegayon/charla-puc-abril2020/blob/master/slides.pdf}{slides})} 
}

@inproceedings{talk-26,
	title={ERGMito Statistical Models for Small Team Social Networks},
	author={{\bf Vega Yon}, {\bf George}},
	year={2020},
	month={6},
	eventtitle={presented at {SciTS 2020}},
	note={(talk, \href{https://github.com/gvegayon/talks/raw/master/20200600-scits2020/slides.pdf}{slides}/\href{https://youtu.be/Dg32SnyOO7s}{video})} 
}

@inproceedings{talk-27,
	title={Essays on Bioinformatics and Social Network Analysis: Statistical and Computational Methods for Complex Systems},
	author={{\bf Vega Yon}, {\bf George}},
	year={2020},
	month={6},
	eventtitle={presented at {Doctoral Defense}},
	note={(talk, \href{https://github.com/gvegayon/defense/raw/master/slides-handout.pdf}{slides})} 
}
%\nocite{ talk2013-07-18,talk2016-03-28,talk2016-06-24,talk2016-06-29,talk2016-09-19,talk2017-07-28,talk2017-07-26,talk2018-07-07,talk2018-07-07,talk2018-08-13,talk2018-12-12,talk2018-11-12,talk2018-11-28,talk2018-12-20,talk2019-01-03,talk2018-12-12,talk2019-03-20,talk2019-06-19,talk2019-06-20,talk2019-07-19,talk2019-08-27,talk2019-10-24,talk2020-01-30,talk2020-01-22,talk2020-04-15,talk2020-06-01,talk2020-06-22 }
