@Manual{googlePublicData,
	title = {googlePublicData: Working with Google's 'Public Data Explorer' DSPL Metadata Files},
	author = {Vega Yon, George G.},
	year = {2017},
	note = {R package version 0.16.1},
	url = {https://CRAN.R-project.org/package=googlePublicData},
}


@Manual{rgexf,
	title = {rgexf: Build, Import and Export GEXF Graph Files},
	author = {Vega Yon, George G.},
	year = {2020},
	note = {R package version 0.16.0},
	url = {https://CRAN.R-project.org/package=rgexf},
}



@Manual{ABCoptim,
	title = {ABCoptim: Implementation of Artificial Bee Colony (ABC) Optimization},
	author = {George Vega Yon and Mu{\~n}oz, Enyelbert},
	year = {2017},
	note = {R package version 0.15.0},
	url = {https://CRAN.R-project.org/package=ABCoptim},
}


@Manual{netdiffuseR,
	title = {{{netdiffuseR: Analysis of Diffusion and Contagion Processes on Networks}}},
	author = {George Vega Yon and Thomas Valente},
	year = {2020},
	note = {R package version 1.22.0},
	url = {https://github.com/USCCANA/netdiffuseR},
	doi = {10.5281/zenodo.1039317},
}


@Manual{ergmito,
  title={ergmito: Exponential Random Graph Models for Small Networks},
  author={Vega Yon, George G. and {{de la Haye}}, Kayla},
  url={https://cran.r-project.org/package=ergmito},
  year={2020},
  note = {R package version 0.3-0},
  month={feb}
}

@Manual{slurmR,
	title = {slurmR: A Lightweight Wrapper for 'Slurm'},
	author = {Vega Yon, George G.},
	year = {2020},
	note = {R package version 0.4-1},
	url = {https://CRAN.R-project.org/package=slurmR},
}

@Manual{fmcmc,
	title = {fmcmc: A friendly MCMC framework},
	author = {Vega Yon, George G.},
	year = {2020},
	note = {R package version 0.3-0},
	url = {https://CRAN.R-project.org/package=fmcmc},
}

@Manual{parallel,
	title = {parallel: Stata Module for Parallel Computing},
	author = {George {Vega Yon} and Brian Quistorff},
	year = {2019},
	note = {Stata Module version 1.20.0},
	url = {https://github.com/gvegayon/parallel},
}

@Manual{aphylo,
	title = {aphylo: Statistical Inference of Annotated Phylogenetic Trees},
	author = {George {Vega Yon}},
	year = {2022},
	note = {R package version 0.2-1},
	url = {https://cran.r-project.org/package=aphylo},
}

@Manual{netplot,
	title = {netplot: Beautiful graph drawing},
	author = {George {Vega Yon}},
	note = {R package version 0.1-1},
	year={2021},
	url = {https://cran.r-project.org/package=netplot},
}

%%%%%%%%%%%%%%%%% UNPUBLISHED

@Manual{barry,
	title = {barry: your to-go motif accountant},
	author = {Vega Yon, George G.},
	year = {2020},
	note = {C++ library version 0.0-1},
	url = {https://github.com/USCbiostats/barry},
}

@Manual{pruner,
	title = {pruner: Implementing the Felsenstein's Tree Pruning algorithm},
	author = {Vega Yon, George G.},
	year = {2020},
	note = {C++ library version 0.0-1},
	url = {https://github.com/USCbiostats/pruner},
}


@Manual{twitterreport,
	author       = {George G. Vega Yon},
	title        = {{twitterreport: Out-of-the-box analysis and 
	reporting tools for twitter}},
	month        = jan,
	year         = 2016,
	publisher    = {Zenodo},
	version      = {v0.16},
	doi          = {10.5281/zenodo.44528},
	url          = {https://doi.org/10.5281/zenodo.44528},
	note         = {R package version 0.16}
}

@Manual{epiworld,
	title = {A Flexible and General Agent Based Model Engine},
	author = {Vega Yon, George G.},
	year = {2022},
	note = {C++ library version 0.0-1},
	url = {https://github.com/UofUEpi/epiworld},
}
